@book{chandler1987,
  title={Introduction to Modern Statistical Mechanics},
  author={Chandler, D.},
  isbn={9780195042771},
  lccn={lc88027824},
  year={1987},
  publisher={Oxford University Press}
}

@article{Kuhn1942,
author = {Kuhn, Von Wernel and Gr{\"u}n, F},
title = {{Beziehungen zwischen elastischen Konstanten und Dehnungsdoppelbrechung hochelastischer Stoffe}},
journal = {Kolloid-Zeitschrift},
year = {1942},
volume = {16},
number = {3},
pages = {248--271}
}

@article{James1943,
author = {James, Hubert M and Guth, Eugene},
title = {{Theory of the elastic properties of rubber}},
journal = {Journal of Chemical Physics},
year = {1943},
volume = {11},
number = {10},
pages = {455}
}

@book{treloar1975physics,
  title={The Physics of Rubber Elasticity},
  author={Treloar, L.R.G.},
  isbn={9780191523304},
  series={Monographs on the physics and chemistry of materials},
  year={1975},
  publisher={Oxford University Press, USA}
}


@article{Ianniruberto:2015dv,
author = {Ianniruberto, G and Marrucci, Giuseppe},
title = {{New Interpretation of Shear Thickening in Telechelic Associating Polymers}},
journal = {Macromolecules},
year = {2015},
volume = {48},
number = {15},
pages = {5439--5449},
month = aug
}



@book{allen1989computer,
  title={Computer Simulation of Liquids},
  author={Allen, P. and Tildesley, D.J.},
  isbn={9780198556459},
  lccn={87001555},
  series={Oxford Science Publ},
  year={1989},
  publisher={Clarendon Press}
}

@book{arfken2008mathematical,
  title={Mathematical methods for physicists},
  author={Arfken, G.B. and Weber, H.J.},
  isbn={9780120598762},
  year={2008},
  publisher={Elsevier Acad. Press}
}


@article{SooCho:2013bg,
author = {Cho, K. S.},
title = {{Power series approximations of dynamic moduli and relaxation spectrum}},
journal = {Journal of Rheology},
year = {2013},
volume = {57},
number = {2},
pages = {679--20}
}


@book{doi1988theory,
  title={The Theory of Polymer Dynamics},
  author={Doi, M. and Edwards, S.F.},
  isbn={9780198520337},
  lccn={85029854},
  series={International series of monographs on physics},
  year={1988},
  publisher={Clarendon Press}
}

@article{Herrchen1997,
author = {Herrchen, M and {\"O}ttinger, H C},
title = {{A detailed comparison of various FENE dumbbell models}},
journal = {Journal of non-newtonian fluid mechanics},
year = {1997}
}


@article{Cohen1991,
author = {Cohen, A},
title = {{A Pade approximant to the inverse Langevin function}},
journal = {Rheologica Acta},
year = {1991},
volume = {30},
pages = {270--273}
}


@article{HaroldR.Warner1972,
author = {Harold R. Warner, Jr},
title = {{Kinetic theory and rheology of dilute suspensions of finitely extendible dumbbells}},
journal = {Industrial and Engineering Chemistry Fundamentals},
year = {1972},
volume = {11},
number = {3},
pages = {379--387}
}



@article{Kubo:1966dq,
author = {Kubo, R},
title = {{The fluctuation-dissipation theorem}},
journal = {Reports on Progress in Physics},
year = {1966},
volume = {29},
number = {1},
pages = {255--284},
month = jan
}


@article{VandenBrule:1995fq,
author = {Van den Brule, B and Hoogerbrugge, P J},
title = {{Brownian dynamics simulation of reversible polymeric networks}},
journal = {Journal of non-newtonian fluid},
year = {1995},
volume = {60},
number = {2-3},
pages = {303--334}
}



@article{Suzuki:2013kk,
author = {Suzuki, Shinya and Uneyama, Takashi and Watanabe, Hiroshi},
title = {{Concentration Dependence of Nonlinear Rheological Properties of Hydrophobically Modified Ethoxylated Urethane Aqueous Solutions}},
journal = {Macromolecules},
year = {2013},
volume = {46},
number = {9},
pages = {3497--3504},
month = may
}

@article{Uneyama:2012ge,
author = {Uneyama, Takashi and Suzuki, Shinya and Watanabe, Hiroshi},
title = {{Concentration dependence of rheological properties of telechelic associative polymer solutions}},
journal = {Physical Review E},
year = {2012},
volume = {86},
number = {3},
pages = {031802--15},
month = sep
}



@article{Suzuki:2012gf,
author = {Suzuki, S and Uneyama, T and Inoue, T and Watanabe, H},
title = {{Nonlinear rheology of telechelic associative polymer networks: Shear thickening and thinning behavior of hydrophobically modified ethoxylated urethane (HEUR) in Aqueous Solution}},
journal = {Macromolecules},
year = {2012}
}



@article{GREINER:1988cq,
author = {Greiner, A and Strittmatter, W and Honerkamp, J},
title = {{Numerical integration of stochastic differential equations}},
journal = {Journal of Statistical Physics},
year = {1988}
}


@article{HernandezCifre:2003jza,
author = {Hern{\'a}ndez Cifre, J G and Barenbrug, Th M A O M and Schieber, J D and van den Brule, B H A A},
title = {{Brownian dynamics simulation of reversible polymer networks under shear using a non-interacting dumbbell model}},
journal = {Journal of non-newtonian fluid mechanics},
year = {2003},
volume = {113},
number = {2-3},
pages = {73--96},
month = aug
}

@article{Ermak:1978ie,
author = {Ermak, D L and McCammon, J A},
title = {{Brownian dynamics with hydrodynamic interactions}},
journal = {The Journal of chemical physics},
year = {1978},
volume = {69},
number = {4},
pages = {1352}
}

@article{HernandezCifre:2007cb,
author = {Hern{\'a}ndez Cifre, J G and Pamies, R and Kj{\o}niksen, A L and Knudsen, K D and Nystr{\"o}m, B and Garc{\'\i}a de la Torre, J},
title = {{Brownian dynamics simulation of reversible polymer networks using a non-interacting bead-and-spring chain model}},
journal = {Journal of non-newtonian fluid mechanics},
year = {2007},
volume = {146},
number = {1-3},
pages = {3--10},
month = oct
}

