
@article{Ianniruberto:2015dv,
author = {Ianniruberto, G and Marrucci, Giuseppe},
title = {{New Interpretation of Shear Thickening in Telechelic Associating Polymers}},
journal = {Macromolecules},
year = {2015},
volume = {48},
number = {15},
pages = {5439--5449},
month = aug
}

