%% Created using Papers on Thu, 18 Feb 2016.
%% http://papersapp.com/papers/
@article{Pellens:2004ga,
author = {Pellens, Linda and Gamez Corrales, Rogelio and Mewis, Jan},
title = {{General nonlinear rheological behavior of associative polymers}},
journal = {Journal of Rheology},
year = {2004},
volume = {48},
number = {2},
pages = {379}
}


@article{Annable:1993jd,
author = {Annable, T and Buscall, R and Ettelaie, R},
title = {{The rheology of solutions of associating polymers: Comparison of experimental behavior with transient network theory}},
journal = {Journal of Rheology},
year = {1993}
}


@article{Ianniruberto:2015dv,
author = {Ianniruberto, G and Marrucci, Giuseppe},
title = {{New Interpretation of Shear Thickening in Telechelic Associating Polymers}},
journal = {Macromolecules},
year = {2015},
volume = {48},
number = {15},
pages = {5439--5449},
month = aug
}


@article{Yuan:2015fh,
author = {Yuan, Fang and Larson, Ronald G},
title = {{Multiscale Molecular Dynamics Simulations of Model Hydrophobically Modified Ethylene Oxide Urethane Micelles}},
journal = {The Journal of Physical Chemistry B},
year = {2015},
volume = {119},
number = {38},
pages = {12540--12551},
month = sep
}

@article{Tam:1998fi,
author = {Tam, K C and Jenkins, R D and Winnik, M A and Bassett, D R},
title = {{A structural model of hydrophobically modified urethane-ethoxylate (HEUR) associative polymers in shear flows}},
journal = {Macromolecules},
year = {1998},
volume = {31},
number = {13},
pages = {4149--4159}
}

@article{Xu:1996ke,
author = {Xu, B and Yekta, A and Li, L and Masoumi, Z and Winnik, M A},
title = {{The functionality of associative polymer networks: The association behavior of hydrophobically modified urethane-ethoxylate (HEUR) associative polymers in aqueous solution}},
journal = {Colloids and Surfaces a-Physicochemical and Engineering Aspects},
year = {1996},
volume = {112},
number = {2-3},
pages = {239--250}
}

@article{Suzuki:2012gfa,
author = {Suzuki, Shinya and Uneyama, Takashi and Inoue, Tadashi and Watanabe, Hiroshi},
title = {{Nonlinear Rheology of Telechelic Associative Polymer Networks: Shear Thickening and Thinning Behavior of Hydrophobically Modified Ethoxylated Urethane (HEUR) in Aqueous Solution}},
journal = {Macromolecules},
year = {2012},
volume = {45},
number = {2},
pages = {888--898},
month = jan
}

@article{Semenov:1995bs,
author = {Semenov, A N and NYRKOVA, I A and Cates, M E},
title = {{Phase-Equilibria in Solutions of Associating Telechelic Polymers - Rings vs Reversible Network}},
journal = {Macromolecules},
year = {1995},
volume = {28},
number = {23},
pages = {7879--7885}
}

@article{Uneyama:2012ge,
author = {Uneyama, Takashi and Suzuki, Shinya and Watanabe, Hiroshi},
title = {{Concentration dependence of rheological properties of telechelic associative polymer solutions}},
journal = {Physical Review E},
year = {2012},
volume = {86(3)},
number = {031802},
pages = {1--15},
month = sep
}

@article{Suzuki:2013kk,
author = {Suzuki, Shinya and Uneyama, Takashi and Watanabe, Hiroshi},
title = {{Concentration Dependence of Nonlinear Rheological Properties of Hydrophobically Modified Ethoxylated Urethane Aqueous Solutions}},
journal = {Macromolecules},
year = {2013},
volume = {46},
number = {9},
pages = {3497--3504},
month = may
}

